@article{freeman_active_2014,
    title = {Active learning increases student performance in science, engineering, and mathematics},
    issn = {0027-8424, 1091-6490},
    url = {http://www.pnas.org/cgi/doi/10.1073/pnas.1319030111},
    doi = {10.1073/pnas.1319030111},
    language = {en},
    urldate = {2014-05-13},
    journal = {Proceedings of the National Academy of Sciences},
    author = {Freeman, S. and Eddy, S. L. and {McDonough}, M. and Smith, M. K. and Okoroafor, N. and Jordt, H. and Wenderoth, M. P.},
    month = may,
    year = {2014}
}
